<?xml version="1.0" encoding="UTF-8"?><collection xmlns="http://www.loc.gov/MARC21/slim"><record><leader>00401nam--2200157-i-4500</leader><controlfield tag="001">000004099</controlfield><controlfield tag="002">20161230</controlfield><controlfield tag="005">20170222150138</controlfield><controlfield tag="008">060222s1000------------r-----000-0-eng-d</controlfield><datafield ind1=" " ind2=" " tag="100"><subfield code="a">Couffignal, Louis</subfield></datafield><datafield ind1=" " ind2=" " tag="245"><subfield code="a">Les grandes machines mathematiques</subfield></datafield><datafield ind1=" " ind2=" " tag="260"><subfield code="a">Paris</subfield><subfield code="c">1948</subfield></datafield><datafield ind1=" " ind2=" " tag="300"><subfield code="a">33 p</subfield></datafield><datafield ind1=" " ind2=" " tag="490"><subfield code="a">Collection Technique Du C.N.E.T</subfield></datafield><datafield ind1=" " ind2=" " tag="700"><subfield code="a">Brillouin, Leon</subfield></datafield><datafield ind1=" " ind2=" " tag="CAT"><subfield code="a">SYS</subfield><subfield code="c">20170222</subfield><subfield code="h">150138</subfield></datafield></record></collection>